<record xmlns="http://www.openarchives.org/OAI/2.0/" xmlns:xsi="http://www.w3.org/2001/XMLSchema-instance"><header><identifier>oai:alma.34CSIC_INST:990012277410204201</identifier><datestamp>2020-02-06T08:41:03Z</datestamp><setSpec>manuscripta</setSpec></header><metadata><record xmlns="http://www.loc.gov/MARC21/slim" xmlns:xsi="http://www.w3.org/2001/XMLSchema-instance" xsi:schemaLocation="http://www.loc.gov/MARC21/slim http://www.loc.gov/standards/marcxml/schema/MARC21slim.xsd"><leader>34288ntm a2201129 i 4500</leader><controlfield tag="005">20181031100350.0</controlfield><controlfield tag="008">100406q1500    sp            000 0 ara d</controlfield><controlfield tag="001">990012277410204201</controlfield><datafield tag="035" ind1=" " ind2=" "><subfield code="a">CSIC001227741</subfield></datafield><datafield tag="035" ind1=" " ind2=" "><subfield code="a">(ES-MaCSI)001227741MAD01-Aleph</subfield></datafield><datafield tag="035" ind1=" " ind2=" "><subfield code="a">(OCoLC)1123904417
</subfield></datafield><datafield tag="040" ind1=" " ind2=" "><subfield code="a">ES-MaCSI</subfield><subfield code="b">spa</subfield></datafield><datafield tag="080" ind1=" " ind2=" "><subfield code="a">091(=411.21)</subfield></datafield><datafield tag="080" ind1=" " ind2=" "><subfield code="a">348.9:28</subfield></datafield><datafield tag="080" ind1=" " ind2=" "><subfield code="a">347.65/.68:28</subfield></datafield><datafield tag="080" ind1=" " ind2=" "><subfield code="a">811.411.21'36</subfield></datafield><datafield tag="080" ind1=" " ind2=" "><subfield code="a">398.3(=411.21)</subfield></datafield><datafield tag="245" ind1="1" ind2="0"><subfield code="a">[Miscelánea]</subfield><subfield code="h">[Manuscrito]</subfield></datafield><datafield tag="260" ind1=" " ind2=" "><subfield code="a">[S.l.],</subfield><subfield code="c">[Siglo XV-XVI].</subfield></datafield><datafield tag="300" ind1=" " ind2=" "><subfield code="a">ff. ;</subfield><subfield code="c">21,5x15 cm.</subfield></datafield><datafield tag="490" ind1="0" ind2=" "><subfield code="a">Manuscripta</subfield></datafield><datafield tag="500" ind1=" " ind2=" "><subfield code="a">Signatura antigua: Junta 59</subfield></datafield><datafield tag="501" ind1=" " ind2=" "><subfield code="a">[Carpeta 1]:</subfield></datafield><datafield tag="501" ind1=" " ind2=" "><subfield code="a">[Misceláneo de leyes, gramática y magia] : اَلكِتَابْ ذ َا َارَانْسِيَش شَكَذُ ذ َا عَرَبِيَ َانْرُمَنْسَا : Libro de herencias sacado de árabe en romance / [Ms. no consta aut.]. -- S.f. [apróx. s. XVI]. -- 104 ff. de 232 (1 col. 17 líneas por pág.) : Papel tratado , 21,5x15 cm (caja 15,7x12 cm).</subfield></datafield><datafield tag="501" ind1=" " ind2=" "><subfield code="a">[cont. Carpeta 1]:</subfield></datafield><datafield tag="501" ind1=" " ind2=" "><subfield code="a">Incipit:( بعد البسملة) َاشْتَا َاشْ اَلْكِتَابْ ذ َا َارَانْسِيَشْ شَكَذُ ذ َا عَرَبِيَ َانْرُمَنْسَا. دِيشُ الله عَزِّ وجَلِّ اَنْشُ اُنْرَّدُ اَلْقُرْانْ يوُصِيكُمُ الله فِي اََوْلاَدِكُمْ للذَّكَرِ مثْل</subfield></datafield><datafield tag="501" ind1=" " ind2=" "><subfield code="a">Explicit:يَكَبَشَا َالْكِتَابْ ذَالَشْ َارَانْسِيَشْ بَرْتِدَشْ كُنْ لَشْ لُاُرَاشْ ذَاَلله شَانُرْ ذ َا تُذَشْ لَشْكشَشْ .</subfield></datafield><datafield tag="501" ind1=" " ind2=" "><subfield code="a">[cont. Carpeta 1]:</subfield></datafield><datafield tag="501" ind1=" " ind2=" "><subfield code="a">Tinta negra. -- Lugar de escritura: No consta. -- Copista: Varios copistas desconocidos. -- Colofón: No. -- Características especiales: Entre ff. 83 y 84: pedazo de folio escrito en castellano: “hijas 3 mujer [...] 3 hijos de hermano de la padre 3 de madre un ermano”. -- Ilustración: No. -- Ilustraciones: Alguna con motivos geométricos y vegetales al inicio y al final de la obra, a veces también en el cambio de capítulos. Manecillas. -- Tipo de cuaderno: La encuadernación moderna impide calcularlo. -- Deterioros generales: Galerías por insectos (ff. 8-13). -- H. en blanco, dañadas, mutiladas, sueltas, faltan o añadidas: No. -- Foliación: 1v-104r. A lápiz, en parte superior derecha del verso. -- Reclamos, sign. de cuaderno: No. -- Pautado: No. Distancia interlineal: 0,8-1 cm. -- Filigrana: No.</subfield></datafield><datafield tag="501" ind1=" " ind2=" "><subfield code="a">[cont. Carpeta 1]:</subfield></datafield><datafield tag="501" ind1=" " ind2=" "><subfield code="a">Enc.: Moderna, en piel azul sobre cartón, estampada con sellos de Salomón. Dos hojas de guarda de papel azul decorado. 8 hojas de papel moderno añadidas al final. Conserva folios de guarda antiguos. -- Signatura antigua: Junta LIX. Folio 3º de la guarda: sello azul y blanca: “59”. -- Anotaciones: ff. 1-6r y 84v-104r: capítulos del mismo tema, con casos concretos y algunas anotaciones, añadidos posteriormente, por varios copistas. Alguna anotación marginal contemporánea a la copia. f.102v: en árabe en lápiz rojo: “hoja 100”. f.102v: Sūrat al-fātiḥa. En folios modernos añadidos en tinta negra: “Códice aljamiado y árabe, en 227 hojas, con una blanca intermedia, y dos más al principio y otras dos al fin. Contiene las siguientes materias: 1º Un tratado de leyes moriscas, relativas a herencias 2º Una gramática árabe Alharoumi 3º Otro tratado de sintaxis 4º Otro de medicina y 5º Otros asuntos varios” y a lápiz rojo: “Debe ser anterior al siglo 16, muy curioso e interesante. 200 pesetas”. -- Edición: J. A. Sánchez Pérez, Partición de herencias entre los musulmanes del rito malequí. Con transcripción anotada de dos manuscritos aljamiados, Madrid: Junta para la ampliación de Estudios e Investigaciones Científicas, 1914, 3-182. -- Contenido: Tratado anónimo morisco sobre derecho de sucesiones. -- Lengua: Aljamiado y árabe. -- Escritura: Magrebí</subfield></datafield><datafield tag="501" ind1=" " ind2=" "><subfield code="a">[Carpeta 2]:</subfield></datafield><datafield tag="501" ind1=" " ind2=" "><subfield code="a">[Misceláneo de leyes, gramática y magia] : شَرْحُ كِتَابِ الْجُرُومِيَّةِ : Šarḥ kitāb al-ŷurrūmiyya / َبُو اِسْحَقْ اِبْرَاهِيمْ بِنْ غَالِبْ اَلاَنْصَارِي [Abu Isḥaq Ibrāhīm ibn Gālib al-Anṣarī]. -- 1475-1476 [880/de 7 mayo 1475 a 25 abril 1476]. -- 35 ff. de 232 (1 col. 7 líneas árabes por página y 7 aljamiadas [traducción interlineal] hasta f. 130r, después 7 árabes) : papel tratado , 21,5x15 cm (caja 15,5x10,5-11cm). -- Tinta negra y roja.</subfield></datafield><datafield tag="501" ind1=" " ind2=" "><subfield code="a">[cont. Carpeta 2]:</subfield></datafield><datafield tag="501" ind1=" " ind2=" "><subfield code="a">Incipit:( بعد البسملة) شَرْحُ كِتَابِ اَلْجُرُميةِ اِمْلاَ الشَيْخُ الاجَلُ اَبُو اِسْحَق ابرهيم بِنْ غالِبْ اَلاَنْصَارِي وَفَقهُ الله لِِتَلْمِيذِهِ اَدَمْ بِنْ ابْرَهِيمْ بن دَغُوزْ لَطَفَ الله فِيهِ فِي سَنَةِ ثَمَانِينَ وَثَمَانِ مَايةٍ. قَوْلُهُ الْكَلاَمَ بخريد الْكَلاَمُ الّذِي يَنْظَرُ فِيهِ اِلنَّحْوِيُون ويَحْكَمُ انَّهَا كلام عِنْدَهُمْ</subfield></datafield><datafield tag="501" ind1=" " ind2=" "><subfield code="a">Explicit:قوله المضاف كقولك يا عبد الله ويا غلام زيد ويا راكب الفرس قوله والمشبه بالمضاف كقولك يا راكبا فرسا ويا صالما جبلا ونحوه.</subfield></datafield><datafield tag="501" ind1=" " ind2=" "><subfield code="a">[cont. Carpeta 2]:</subfield></datafield><datafield tag="501" ind1=" " ind2=" "><subfield code="a">Lugar de escritura: No consta. -- Copista: اَدَمْ بِنْ ابْرَهِيمْ بن دَغُوزْ . Adam b. Ibrahīm b. Dagūz. -- Características especiales: Árabe con traducción aljamiada. Mismo copista que mss. RESC 59/3 y 59/4. -- Ilustración: Título enmarcado en una ilustración geométrica. -- Ilustraciones: Vocalizado en rojo hasta el f. 127r. -- Tipo de cuaderno: La encuadernación moderna impide calcularlo. -- Deterioros generales: Algunas líneas rotas por tinta metalogática.</subfield></datafield><datafield tag="501" ind1=" " ind2=" "><subfield code="a">[cont. Carpeta 2]:</subfield></datafield><datafield tag="501" ind1=" " ind2=" "><subfield code="a">H. dañadas, mutilidas, sueltas: Por tinta: ff. 110-116. Papel rasgado: ff. 119-121. -- Foliación: 104v-138v. A lápiz en la parte superior derecha del verso. Pautado: No. Distancia interlineal: 2,2-2,4 cm entre líneas árabes; 1,1-1,3 cm entre árabes y aljamiadas -- Enc.: Moderna, en piel azul sobre cartón, estampada con sellos de Salomón. Dos hojas de guarda de papel azul decorado. 8 hojas de papel moderno añadidas al final. Conserva folios de guarda antiguos. -- Signatura antigua: Junta LIX. -- Anotaciones: Alguna marginal contemporánea a la copia. f. 134r nota amplia en aljamiado. En folios modernos añadidos en tinta negra: “Códice aljamiado y árabe, en 227 hojas, con una blanca intermedia, y dos más al principio y otras dos al fin. Contiene las siguientes materias: 1º Un tratado de leyes moriscas, relativas a herencias 2º Una gramática árabe Alharoumi 3º Otro tratado de sintaxis 4º Otro de medicina y 5º Otros asuntos varios” y a lápiz rojo: “Debe ser anterior al siglo XVI, muy curioso e interesante. 200 pesetas”. -- Contenido: Comentario de la Aŷurrūmiyya, por Abu Isḥaq Ibrāhīm ibn Gālib al-Ānṣārī. -- Lengua: árabe y Aljamiado. -- Escritura: Magrebí</subfield></datafield><datafield tag="501" ind1=" " ind2=" "><subfield code="a">[Carpeta 3]:</subfield></datafield><datafield tag="501" ind1=" " ind2=" "><subfield code="a">[Ms. carece de tít.] : [المُقَدِّمَة الْجُرُّومِيَّةِ]: Al-Muqaddima al-ŷurrūmiyya / [ابن الاجروم] , Ibn al-Aŷurrūm. -- 1475-1476 [880/de 7 mayo 1475 a 25 abril 1476]. -- 37 ff. de 232 (1 col. 7 líneas en árabe y 7 en aljamiado) : Papel tratado, 21,5x15 cm (caja: 15,5x9,5-10,5 cm). -- Tinta negra y roja.</subfield></datafield><datafield tag="501" ind1=" " ind2=" "><subfield code="a">[cont. Carpeta 3]:</subfield></datafield><datafield tag="501" ind1=" " ind2=" "><subfield code="a">Incipit:( بعد البسملة والتصلية) اَلْكَلاَمُ هُوَ اَللّفْظُ اَلْمُرَكَب الْمفِيدُ بِالْوَضِع وَاَقْسَامُهُ ثَلاَثَةُ اِسْمٌ وَفِعْلٌ وحَرْفٌ جَا َلِمَعْنِى فالاسْمُ فَالاِسْمُ يَعرَفُ بِالْخَفْضِ واَلْتَّنْوِيْن وَدخُلِ اَلْاَلِفُ وَاَللَّام وَحُرُوفِ الْخَفضِ وَهيَ مِنْ وَاِلىَ وَعَنْ وَعَلىَ</subfield></datafield><datafield tag="501" ind1=" " ind2=" "><subfield code="a">Explicit: وما يتقدر بمن فالذي يتقدر بالام غلام زيد والذي يتقدر من نحوه ثوب جز وخاتم حديد وصلى الله على سيدنا محمد</subfield></datafield><datafield tag="501" ind1=" " ind2=" "><subfield code="a">[cont. Carpeta 3]:</subfield></datafield><datafield tag="501" ind1=" " ind2=" "><subfield code="a">Copista: َدَمْ بِنْ ابْرَهِيمْ بن دَغُوزْ. Adam b. Ibrahīm b. Dagūz. -- Colofón: تََمْتُ بِحَمْدِ اللهِ وَحَسَنْ عَوْنُهُ كُنْه وَاَلْحَمْدُ الله رَبِ العَلَمِينَ.. -- Características especiales: Árabe con traducción aljamiada. Todo el texto vocalizado. Mismo copista que mss. RESC 59/2 y 59/4. -- Ilustración: No. -- Ilustraciones: Vegetales y geométricas en los cambios de capítulos. Algunas partes vocalizadas en rojo. -- Tipo de cuaderno: La encuadernación moderna impide calcularlo. -- Deterioros generales: No. -- H. en blanco: ff. 151v, 174v y 175r-v. -- H. dañadas, mutiladas, sueltas, faltan o añadidas: No. -- Foliación: A lápiz en la parte superior derecha del verso (ff.138v-175v).</subfield></datafield><datafield tag="501" ind1=" " ind2=" "><subfield code="a">[cont. Carpeta 3]:</subfield></datafield><datafield tag="501" ind1=" " ind2=" "><subfield code="a">Reclamos, Sign. de cuaderno: No. -- Pautado: No. Distancia interlineal: 2,5 cm entre líneas árabes y 1,1-1,3 entre árabe y aljamiada. -- Filigrana: No. -- Enc.: Moderna, en piel azul sobre cartón, estampada con sellos de Salomón. Dos hojas de guarda de papel azul decorado. 8 hojas de papel moderno añadidas al final. Conserva folios de guarda antiguos. -- Signatura antigua: Junta LIX -- Anotaciones: Alguna marginal contemporánea a la copia. -f. 174r: Sūrat al-fātiḥa -En folios modernos añadidos en tinta negra: “Códice aljamiado y árabe, en 227 hojas, con una blanca intermedia, y dos más al principio y otras dos al fin. Contiene las siguientes materias: 1º Un tratado de leyes moriscas, relativas a herencias 2º Una gramática arabe Alharoumi 3º Otro tratado de sintaxis 4º Otro de medicina y 5º Otros asuntos varios” y a lápiz rojo: “Debe ser anterior al siglo 16, muy curioso e interesante. 200 pesetas”. -- Contenido: Al-Muqaddima al-Āgurrūmīya de Abū ʽAl. M. b. M. b. Dāʼūd aṣ-Ṣanhāgī b. Āgurrūm (GAL, s.II, 237). -- Lengua: árabe y Aljamiado. -- Escritura: Magrebí</subfield></datafield><datafield tag="501" ind1=" " ind2=" "><subfield code="a">[Carpeta 4]:</subfield></datafield><datafield tag="501" ind1=" " ind2=" "><subfield code="a">[Misceláneo de leyes, gramática y magia] :كِتَابُ الشجرة في علم النحو وهو المسمى بكتاب التقريب: Kitāb al-šaŷara fi ʽilm al-naḥū wa hūa al-musammà bi-kitāb al-taqrīb / ابو اسحاق ابراهيم بن السري الزجاج النحوي = Abū Isḥāq Ibrāhīm ibn al-sarī al-zaŷaŷŷ al-Naḥawī = [Abū Isḥaq Ibr. b. as-Sarī b. Sahl az-Zaggag]. -- 1475-1476 [880/de 7 mayo 1475 a 25 abril 1476]. -- 41 ff. de 232 (1 col. 7 líneas árabes y 7 aljamiadas) : papel tratado 21,5x15 cm (Caja: 15,5x9-10 cm).</subfield></datafield><datafield tag="501" ind1=" " ind2=" "><subfield code="a">[cont. Carpeta 4]:</subfield></datafield><datafield tag="501" ind1=" " ind2=" "><subfield code="a">Incipit: كِتَابُ الشجرة في علم النحو وهو المسمى بكتاب التقريب تاليف التاليف الشيخ الامام ابي اسحاق ابراهيم بن السري الزجاج النحوي رحمه الله. [بسملة وتصلية] قال ابو اسحاق ابراهيم ابن السري الزجاج النحوي رحمه الله الكلام كله عربية وعجمية ثلاثة الفاظ والالفاظ الثلاثة اسم وفعل وحرف.</subfield></datafield><datafield tag="501" ind1=" " ind2=" "><subfield code="a">Explicit:تقول قصدتك اذا الحجاج امير انى تكون بمعنى كيف واين كقول الله انى لك هذا تاويله من اين لك هذا وكيف لك هذا وقد يجاز بها.</subfield></datafield><datafield tag="501" ind1=" " ind2=" "><subfield code="a">[cont. Carpeta 4]:</subfield></datafield><datafield tag="501" ind1=" " ind2=" "><subfield code="a">Tinta negra. -- Lugar de escritura: No consta. -- Copista:اَدَمْ بِنْ ابْرَهِيمْ بن دَغُوزْ Adam b. Ibrahīm b. Dagūz. -- Colofón: تمت بحمد الله وحسن عونه بسم الله. -- Características especiales: Traducción aljamiada interlineal. Mismo copista que mss. RESC 59/2 y 59/3. -- Ilustracuón: No. -- Ilustraciones: Manecilla. Dibujo con formas vegetales y geométricas al inicio de la obra (tinta roja y negra) y al final (tinta negra). -- Tipo de cuaderno: La encuadernación moderna impide calcularlo. -- Deterioros generales, H. en blanco, H. dañadas, mutiladas, sueltas, faltan o añadidas: No. -- Foliación: A lápiz en la parte superior derecha del verso (ff.176r-216v). -- Reclamos, sign. de cuaderno: No. -- Pautado: No. Distancia interlineal: 2,3- 2,5 cm entre líneas árabes y 1-1,2 cm entre árabe y aljamiada. -- Filigrana: No.</subfield></datafield><datafield tag="501" ind1=" " ind2=" "><subfield code="a">[cont. Carpeta 4]:</subfield></datafield><datafield tag="501" ind1=" " ind2=" "><subfield code="a">Enc.: Moderna, en piel azul sobre cartón, estampada con sellos de Salomón. Dos hojas de guarda de papel azul decorado. 8 hojas de papel moderno añadidas al final. Conserva folios de guarda antiguos. -- Signatura antigua: Junta LIX -- Anotaciones: Marginales contempráneas en aljamiado. En f. 200r nota que abarca todo el margen. -En folios modernos añadidos en tinta negra: “Códice aljamiado y árabe, en 227 hojas, con una blanca intermedia, y dos más al principio y otras dos al fin. Contiene las siguientes materias: 1º Un tratado de leyes moriscas, relativas a herencias 2º Una gramática arabe Alharoumi 3º Otro tratado de sintaxis 4º Otro de medicina y 5º Otros asuntos varios” y a lápiz rojo: “Debe ser anterior al siglo 16, muy curioso e interesante. 200 pesetas”. -- Contenido: Obra de gramática titulada Kitāb al-šaŷara fi ʽilm al-naḥū wa hūa al-musammà bi-kitāb al-taqrīb de Abū Isḥaq Ibr. b. as-Sarī b. Sahl az-Zaggag (GAL, S.I, 170). -- Lengua: árabe y Aljamiado. -- Escritura: Magrebí.</subfield></datafield><datafield tag="501" ind1=" " ind2=" "><subfield code="a">[Carpeta 5]:</subfield></datafield><datafield tag="501" ind1=" " ind2=" "><subfield code="a">[Misceláneo de leyes, gramática y magia] / [No consta]. -- [Sin fecha]. -- 15 ff. de 232 (1 col. 23-25 líneas por pág.) : papel tratado, 21,5x15 cm (caja 18-19x13-13,5 cm).</subfield></datafield><datafield tag="501" ind1=" " ind2=" "><subfield code="a">[cont. Carpeta 5]:</subfield></datafield><datafield tag="501" ind1=" " ind2=" "><subfield code="a">Incipit:( بعد البسملة وتصلية) نُتَ: كَشُ بَّرَ لَفِيَابْرَا ذَا لَنُجَا َاشْكَارَابِرَشْ َاشْتُشْ شِلُّشْ اِرَّاشْكَلْغَرْ لُشَشْ شُبْرَالْ اِشَنَرَ اِنْ شَا اللهْ. تمت.</subfield></datafield><datafield tag="501" ind1=" " ind2=" "><subfield code="a">Explicit: نُتَ: بَّرَ لَشْ بَارُغَشْ تُمَ اُنْبُكَذُ ذَا بَنْسُ يُنْتَلَشْ كُنَكَالُّ شَنْغَارَا اِ كُلْغَرْلَشْ َالْبَنْسُ ذُشَا شَاكا. اِ كُوَنْدُ شَارَ شَاكُ اَشِي شَاكَرَنْ لَشْبَارُّغَشْ ان شاء الله تعالى.</subfield></datafield><datafield tag="501" ind1=" " ind2=" "><subfield code="a">[cont. Carpeta 5]:</subfield></datafield><datafield tag="501" ind1=" " ind2=" "><subfield code="a">Tinta negra. -- Copista: Varios copistas desconocidos. -- Colofón: تمت بحمد الله وحسن عونه وصلى الله على سيدنا محمد والله وسلم تسليمًا. امين. امين. امين.. -- Ilustraciones: ff. 223v, 227v: cuadros mágicos. f. 225r: estrella. -- Tipo de cuaderno: La encuadernación moderna impide calcularlo. -- Foliación: A lápiz en la parte superior derecha del verso (ff.217r-232v). -- Pautado: No. Distancia interlineal variable 0,5-1 cm. -- Enc.: Moderna, en piel azul sobre cartón, estampada con sellos de Salomón. Dos hojas de guarda de papel azul decorado. 8 hojas de papel moderno añadidas al final. Conserva folios de guarda antiguos. -- Signatura antigua: Junta LIX. -- Anotaciones: En folios modernos añadidos en tinta negra: “Códice aljamiado y árabe, en 227 hojas, con una blanca intermedia, y dos más al principio y otras dos al fin. Contiene las siguientes materias: 1º Un tratado de leyes moriscas, relativas a herencias 2º Una gramática arabe Alharoumi 3º Otro tratado de sintaxis 4º Otro de medicina y 5º Otros asuntos varios” y a lápiz rojo: “Debe ser anterior al siglo 16, muy curioso e interesante. 200 pesetas”. -- Contenido: Fórmulas cabalísticas, amuletos, recetas mágicas, conjuros. -- Lengua: Aljamiado. -- Escritura: Magrebí.</subfield></datafield><datafield tag="510" ind1="3" ind2=" "><subfield code="a">Descripción: J. Ribera y M. Asín (dirs.), Manuscritos árabes y aljamiados de la biblioteca de la Junta : noticia y extractos, Madrid: Junta para la ampliación de Estudios e Investigaciones Científicas, 1912, 206-212</subfield></datafield><datafield tag="510" ind1="4" ind2=" "><subfield code="a">Bibliografía [Carpeta 1]: J. Ribera y M. Asín (dirs.), Manuscritos árabes y aljamiados de la biblioteca de la Junta: noticia y extractos, Madrid: Junta para la ampliación de Estudios e Investigaciones Científicas, 1912, 206-212. J. A. Sánchez Pérez, Partición de herencias entre los musulmanes del rito malequí. Con transcripción anotada de dos manuscritos aljamiados, Madrid: Junta para la ampliación de Estudios e Investigaciones Científicas, 1914.</subfield></datafield><datafield tag="510" ind1="4" ind2=" "><subfield code="a">Bibliografía [Carpeta 2-5]:J. Ribera y M. Asín (dirs.), Manuscritos árabes y aljamiados de la biblioteca de la Junta: noticia y extractos, Madrid: Junta para la ampliación de Estudios e Investigaciones Científicas, 1912, 206-212</subfield></datafield><datafield tag="530" ind1=" " ind2=" "><subfield code="a">Mª del P. Martínez Olmo, Colección de manuscritos árabes y aljamiados de la Biblioteca del Instituto de Filología del CSIC, Instituto de Filología CSIC, Madrid, 1998 (4 Cd-Rom), CD 4. -Instituto Miguel Asín de Estudios Arabes, Colección de manuscritos árabes y aljamiados, Microforma, Madrid: 1983-84, 25 rollos, Ms. 57-59.</subfield></datafield><datafield tag="541" ind1=" " ind2=" "><subfield code="a">Procedencia: Almonacid de la Sierra. Pablo Gil. Sección Árabe Centro de Estudios Históricos (JAE). Escuela de Estudios Árabes de Madrid. Instituto de Filología, CSIC.</subfield><subfield code="d">Ingreso: Junio 1910.</subfield></datafield><datafield tag="546" ind1=" " ind2=" "><subfield code="a">Árabe y aljamiada</subfield><subfield code="b">magrebí</subfield></datafield><datafield tag="650" ind1=" " ind2="7"><subfield code="a">Manuscritos árabes.</subfield><subfield code="2">CSICAU</subfield></datafield><datafield tag="650" ind1=" " ind2="7"><subfield code="a">Manuscritos aljamiados.</subfield><subfield code="2">CSICAU</subfield></datafield><datafield tag="650" ind1=" " ind2="7"><subfield code="a">Derecho islámico.</subfield><subfield code="2">CSICAU</subfield></datafield><datafield tag="650" ind1=" " ind2="7"><subfield code="a">Herencia y sucesión.</subfield><subfield code="2">CSICAU</subfield></datafield><datafield tag="650" ind1=" " ind2="7"><subfield code="a">Arabe</subfield><subfield code="x">Gramática.</subfield><subfield code="2">CSICAU</subfield></datafield><datafield tag="650" ind1=" " ind2="7"><subfield code="a">Magia.</subfield><subfield code="2">CSICAU</subfield></datafield><datafield tag="650" ind1=" " ind2="7"><subfield code="a">Conjuros.</subfield><subfield code="2">CSICAU</subfield></datafield><datafield tag="700" ind1="1" ind2=" "><subfield code="a">اَدَمْ بِنْ ابْرَهِيمْ بن دَغُوزْ</subfield></datafield><datafield tag="700" ind1="1" ind2=" "><subfield code="a">Abū Isḥaq Ibr. b. as-Sarī b. Sahl az-Zaggag</subfield></datafield><datafield tag="700" ind1="1" ind2=" "><subfield code="a">Abū Isḥāq Ibrāhīm ibn al-sarī al-zaŷaŷŷ al-Naḥawī</subfield></datafield><datafield tag="700" ind1="1" ind2=" "><subfield code="a">ابو اسحاق ابراهيم بن السري الزجاج النحوي</subfield></datafield><datafield tag="700" ind1="1" ind2=" "><subfield code="a">[ابن الاجروم]</subfield></datafield><datafield tag="700" ind1="1" ind2=" "><subfield code="a">Ibn al-Aŷurrūm</subfield></datafield><datafield tag="700" ind1="1" ind2=" "><subfield code="a">Adam b. Ibrahīm b. Dagūz</subfield><subfield code="e">copista</subfield></datafield><datafield tag="740" ind1="0" ind2=" "><subfield code="a">كِتَابُ الشجرة في علم النحو وهو المسمى بكتاب التقريب</subfield></datafield><datafield tag="740" ind1="0" ind2=" "><subfield code="a">Kitāb al-šaŷara fi ʽilm al-naḥū wa hūa al-musammà bi-kitāb al-taqrīb</subfield></datafield><datafield tag="740" ind1="0" ind2=" "><subfield code="a">Al-Muqaddima al-ŷurrūmiyya</subfield></datafield><datafield tag="740" ind1="0" ind2=" "><subfield code="a">[المُقَدِّمَة الْجُرُّومِيَّةِ]</subfield></datafield><datafield tag="740" ind1="0" ind2=" "><subfield code="a">Misceláneo de leyes, gramática y magia</subfield></datafield><datafield tag="740" ind1="0" ind2=" "><subfield code="a">اَلكِتَابْ ذ َا َارَانْسِيَش شَكَذُ ذ َا عَرَبِيَ َانْرُمَنْسَا</subfield></datafield><datafield tag="740" ind1="0" ind2=" "><subfield code="a">Libro de herencias sacado de árabe en romance</subfield></datafield><datafield tag="740" ind1="0" ind2=" "><subfield code="a">شَرْحُ كِتَابِ الْجُرُومِيَّةِ</subfield></datafield><datafield tag="740" ind1="0" ind2=" "><subfield code="a">Šarḥ kitāb al-ŷurrūmiyya</subfield></datafield><datafield tag="830" ind1=" " ind2="0"><subfield code="a">Manuscripta</subfield></datafield><datafield tag="856" ind1="4" ind2="1"><subfield code="u">http://aleph.csic.es/imagenes/mad01/0006_PMSC/P_001227741_651352_V00.pdf</subfield><subfield code="z">Descargar Pdf completo (21M)</subfield><subfield code="m">CSIC</subfield></datafield><datafield tag="856" ind1="4" ind2="1"><subfield code="u">http://simurg.bibliotecas.csic.es/viewer/image/CSIC001227741/1/</subfield><subfield code="z">Ver texto completo en SIMURG, el portal de fondos digitalizados del CSIC</subfield><subfield code="m">CSIC</subfield></datafield><datafield tag="856" ind1="4" ind2="1"><subfield code="u">http://aleph.csic.es/imagenes/mad01/0006_PMSC/html/001227741.html</subfield><subfield code="z">Ver texto completo en Bookreader</subfield></datafield></record></metadata></record>